@article{hong2021deep,
  title={Deep Dual-resolution Networks for Real-time and Accurate Semantic Segmentation of Road Scenes},
  author={Hong, Yuanduo and Pan, Huihui and Sun, Weichao and Jia, Yisong and others},
  journal={arXiv preprint arXiv:2101.06085},
  year={2021}
}

@inproceedings{li2019expectation,
  title={Expectation-maximization attention networks for semantic segmentation},
  author={Li, Xia and Zhong, Zhisheng and Wu, Jianlong and Yang, Yibo and Lin, Zhouchen and Liu, Hong},
  booktitle={Proceedings of the IEEE/CVF International Conference on Computer Vision},
  pages={9167--9176},
  year={2019}
}